<?xml version='1.0' encoding='UTF-8'?>
<record xmlns="http://www.loc.gov/MARC21/slim">
  <leader>02210cam a2200397 a 4500</leader>
  <controlfield tag="001">1045862</controlfield>
  <controlfield tag="003">NjP</controlfield>
  <controlfield tag="005">20171027101047.0</controlfield>
  <controlfield tag="008">951214s1983    ir      ab    000 0 ara d</controlfield>
  <datafield tag="024" ind1="7" ind2=" ">
    <subfield code="a">princeton_aco002644</subfield>
    <subfield code="2">local</subfield>
  </datafield>
  <datafield ind1=" " ind2=" " tag="035">
    <subfield code="a">(OCoLC)ocn176382499</subfield>
  </datafield>
  <datafield ind1=" " ind2=" " tag="040">
    <subfield code="a">NjP</subfield>
    <subfield code="c">PUL</subfield>
    <subfield code="d">PUL</subfield>
  </datafield>
  <datafield ind1=" " ind2=" " tag="035">
    <subfield code="a">(OCoLC)176382499</subfield>
  </datafield>
  <datafield ind1=" " ind2=" " tag="035">
    <subfield code="a">(CStRLIN)NJPG95-B78732</subfield>
  </datafield>
  <datafield ind1=" " ind2=" " tag="035">
    <subfield code="9">CCC2964TS</subfield>
  </datafield>
  <datafield ind1=" " ind2=" " tag="035">
    <subfield code="a">(NjP)1045862</subfield>
  </datafield>
  <datafield ind1=" " ind2=" " tag="079">
    <subfield code="a">ocm34562229</subfield>
  </datafield>
  <datafield ind1=" " ind2=" " tag="049">
    <subfield code="a">PULL</subfield>
  </datafield>
  <datafield ind1="0" ind2=" " tag="100">
    <subfield code="6">880-01</subfield>
    <subfield code="a">ʻAbd al-Ḥusayn ibn Muṣṭafá,</subfield>
    <subfield code="d">active 18th century.</subfield>
    <subfield code="0">http://id.loc.gov/authorities/names/nr96005736</subfield>
  </datafield>
  <datafield ind1="1" ind2="0" tag="245">
    <subfield code="6">880-02</subfield>
    <subfield code="a">Aqṭāb al-dawāʼir :</subfield>
    <subfield code="b">fī tafsīr Āyat al-Taṭʹhīr /</subfield>
    <subfield code="c">taʼlīf al-Shaykh ʻAbd al-Ḥusayn. Wa-talīhā Risālatān ḥawla al-ʻiṣmah / li-Luṭf Allāh al-Ṣāfī ; [taḥqīq wa-takhrīj ʻAlī al-Fāḍil al-Qāʼīnī al-Najafī]</subfield>
  </datafield>
  <datafield ind1=" " ind2=" " tag="260">
    <subfield code="6">880-03</subfield>
    <subfield code="a">Qum :</subfield>
    <subfield code="b">Dār al-Qurʼān al-Karīm,</subfield>
    <subfield code="c">1403 [1983]</subfield>
  </datafield>
  <datafield ind1=" " ind2=" " tag="300">
    <subfield code="a">8, 126 p. ;</subfield>
    <subfield code="c">22 cm.</subfield>
  </datafield>
  <datafield ind1=" " ind2=" " tag="504">
    <subfield code="a">Includes bibliographical references.</subfield>
  </datafield>
  <datafield ind1="0" ind2="0" tag="630">
    <subfield code="a">Qurʼan.</subfield>
    <subfield code="p">Āyat al-Taṭʹhīr</subfield>
    <subfield code="x">Commentaries.</subfield>
  </datafield>
  <datafield ind1="0" ind2="0" tag="630">
    <subfield code="a">Qurʼan</subfield>
    <subfield code="x">Criticism, interpretation, etc.</subfield>
    <subfield code="0">http://id.loc.gov/authorities/subjects/sh85072959</subfield>
  </datafield>
  <datafield ind1=" " ind2="0" tag="650">
    <subfield code="a">Imams (Shiites)</subfield>
    <subfield code="0">http://id.loc.gov/authorities/subjects/sh85064480</subfield>
  </datafield>
  <datafield ind1="1" ind2="2" tag="700">
    <subfield code="6">880-04</subfield>
    <subfield code="a">Ṣāfī, Luṭf Allāh.</subfield>
    <subfield code="t">Risālatān ḥawla al-ʻiṣmah.</subfield>
    <subfield code="f">1983.</subfield>
  </datafield>
  <datafield ind1="1" ind2=" " tag="700">
    <subfield code="6">880-05</subfield>
    <subfield code="a">Qāʼīnī al-Najafī, ʻAlī al-Fāḍil.</subfield>
  </datafield>
  <datafield ind1="0" ind2=" " tag="880">
    <subfield code="6">100-01/r</subfield>
    <subfield code="a">عبد الحسين بن مصطفى،</subfield>
    <subfield code="d">active 18th century.</subfield>
  </datafield>
  <datafield ind1="1" ind2="0" tag="880">
    <subfield code="6">245-02/r</subfield>
    <subfield code="a">اقطاب الدوائر :</subfield>
    <subfield code="b">في تفسير آية التطهير /</subfield>
    <subfield code="c">تأليف الشيخ عبد الحسين. وتليها رسالتان حول العصمة / للطف الله الصافي ؛ [تحقيق وتخريج علي الفاضل القائيني النجفي]</subfield>
  </datafield>
  <datafield ind1=" " ind2=" " tag="880">
    <subfield code="6">260-03/r</subfield>
    <subfield code="a">قم :</subfield>
    <subfield code="b">دار القرآن الكريم،</subfield>
    <subfield code="c">1403 [1983]</subfield>
  </datafield>
  <datafield ind1="1" ind2="2" tag="880">
    <subfield code="6">700-04/r</subfield>
    <subfield code="a">صافي، لطف الله.</subfield>
    <subfield code="t">رسالتان حول العصمة.</subfield>
    <subfield code="f">1983.</subfield>
  </datafield>
  <datafield ind1="1" ind2=" " tag="880">
    <subfield code="6">700-05/r</subfield>
    <subfield code="a">قائيني النجفي، علي الفاضل.</subfield>
  </datafield>
  <datafield ind1=" " ind2=" " tag="998">
    <subfield code="a">04/02/96</subfield>
    <subfield code="s">9114</subfield>
    <subfield code="n">NjP</subfield>
    <subfield code="w">NJPG95B78732</subfield>
    <subfield code="d">12/14/95</subfield>
    <subfield code="c">AAH</subfield>
    <subfield code="b">AAH</subfield>
    <subfield code="i">960402</subfield>
    <subfield code="l">NJPG</subfield>
  </datafield>
  <datafield ind1=" " ind2=" " tag="911">
    <subfield code="a">19960411</subfield>
  </datafield>
  <datafield ind1=" " ind2=" " tag="912">
    <subfield code="a">19960402000000.0</subfield>
  </datafield>
  <datafield ind1=" " ind2=" " tag="994">
    <subfield code="a">C0</subfield>
    <subfield code="b">PUL</subfield>
  </datafield>
  <datafield ind1=" " ind2=" " tag="999">
    <subfield code="a">1045862</subfield>
  </datafield>
  <datafield ind1="0" ind2="0" tag="852">
    <subfield code="0">1206143</subfield>
    <subfield code="b">rcppa</subfield>
    <subfield code="t">1</subfield>
    <subfield code="h">BP128.74</subfield>
    <subfield code="i">.A223 1983</subfield>
    <subfield code="x">tr fr arab</subfield>
  </datafield>
  <datafield ind1=" " ind2=" " tag="959">
    <subfield code="a">2000-06-13 00:00:00 -0500</subfield>
  </datafield>
</record>
